@misc{Brown2018,
  author = {Brown, D and Mataic, D R and Bader, C and Finke, R},
  year = {2018},
  title = {{The Association of Religion Data Archives: ARDA}},
  url = {https://www.thearda.com/}
}

@article{Claessens2023,
  title = {Cross-national analyses require additional controls to account for the non-independence of nations},
  author = {Claessens, Scott and Kyritsis, Thanos and Atkinson, Quentin D},
  journal = {Nature Communications},
  volume = {14},
  number = {1},
  pages = {5776},
  year = {2023},
  publisher = {Nature Publishing Group UK London},
  doi = {10.1038/s41467-023-41486-1}
}

@article{Kaufman2012,
  author = {Kaufman, Shachar and Rosset, Saharon and Perlich, Claudia and Stitelman, Ori},
  title = {Leakage in data mining: Formulation, detection, and avoidance},
  journal = {ACM Transactions on Knowledge Discovery from Data},
  year = {2012},
  address = {New York, NY, USA},
  volume = {6},
  number = {4},
  doi = {10.1145/2382577.2382579},
  pages = {1-21}
}

@article{Kyritsis2022,
  title = {Shared cultural ancestry predicts the global diffusion of democracy},
  author = {Kyritsis, Thanos and Matthews, Luke J and Welch, David and Atkinson, Quentin D},
  journal = {Evolutionary Human Sciences},
  volume = {4},
  pages = {e42},
  year = {2022},
  publisher = {Cambridge University Press},
  doi = {10.1017/ehs.2022.40}
}

@book{McElreath2020,
  author = {McElreath, Richard},
  title = {Statistical Rethinking: A {B}ayesian Course with Examples in {R} and {Stan}},
  publisher = {CRC Press},
  edition = {2},
  year = {2020}
}

@book{Pearl2000,
  title = {Causality: Models, reasoning and inference},
  author = {Pearl, Judea},
  publisher = {Cambridge University Press},
  address = {Cambridge, UK},
  year = {2000}
}

@article{Sheehan2023,
  title = {Coevolution of religious and political authority in {Austronesian} societies},
  author = {Sheehan, Oliver and Watts, Joseph and Gray, Russell D and Bulbulia, Joseph and Claessens, Scott and Ringen, Erik J and Atkinson, Quentin D},
  journal = {Nature Human Behaviour},
  volume = {7},
  number = {1},
  pages = {38--45},
  year = {2023},
  publisher = {Nature Publishing Group UK London},
  doi = {10.1038/s41562-022-01471-y}
}

@article{Watts2016,
  title = {Ritual human sacrifice promoted and sustained the evolution of stratified societies},
  author = {Watts, Joseph and Sheehan, Oliver and Atkinson, Quentin D and Bulbulia, Joseph and Gray, Russell D},
  journal = {Nature},
  volume = {532},
  number = {7598},
  pages = {228--231},
  year = {2016},
  publisher = {Nature Publishing Group UK London},
  doi = {10.1038/nature17159}
}

@misc{Wolfer2024,
 title = {Leakage explains the apparent superiority of {Bayesian} random effect models - a preregistered comment on {Claessens, Kyritsis and Atkinson (2023)}},
 url = {osf.io/ex267},
 DOI = {10.31219/osf.io/ex267},
 publisher = {OSF Preprints},
 author = {Wolfer, Sascha and Koplenig, Alexander},
 year = {2024},
 month = {Jul}
}
